<?xml version="1.0" encoding="UTF-8"?><collection xmlns="http://www.loc.gov/MARC21/slim"><record><leader>00422nam--2200121-i-4500</leader><controlfield tag="001">000024486</controlfield><controlfield tag="002">20161230</controlfield><controlfield tag="005">20161230201035</controlfield><controlfield tag="008">060222s1000------------r-----000-0-eng-d</controlfield><datafield ind1=" " ind2=" " tag="080"><subfield code="a">551.76(498)</subfield></datafield><datafield ind1=" " ind2=" " tag="245"><subfield code="a">14-th european micropaleontological colloquium,micropaleontological guide to the mesozoic and tertipary of the romanian carpathians</subfield></datafield><datafield ind1=" " ind2=" " tag="260"><subfield code="a">Bucharest, Institute Of Geology And Geophysics, 1975. 197p</subfield></datafield><datafield ind1=" " ind2=" " tag="852"><subfield code="a">71679</subfield></datafield></record></collection>